%% This BibTeX bibliography file was created using BibDesk.
%% http://bibdesk.sourceforge.net/

%% Created for Jomi Fred Hubner at 2018-05-08 22:25:46 -0300 


%% Saved with string encoding Western (Windows Latin 1) 



@incollection{RicciEPC,
	Author = {Alessandro Ricci and Michele Piunti and Mirko Viroli and Andrea Omicini},
	Booktitle = {Multi-Agent Programming: Languages, Tools and Applications},
	Chapter = 8,
	Date-Added = {2018-05-09 01:11:55 +0000},
	Date-Modified = {2018-05-09 01:11:55 +0000},
	Editor = {Bordini, Rafael H. and Dastani, Mehdi and Dix, J{\"u}rgen and El Fallah Seghrouchni, Amal},
	Pages = {259--288},
	Publisher = {Springer},
	Title = {Environment Programming in {CArtAgO}},
	Year = 2009}

@article{Sardina2011,
	Author = {Sardina, Sebastian and Padgham, Lin},
	Day = {01},
	Journal = {Autonomous Agents and Multi-Agent Systems},
	Month = {Jul},
	Number = {1},
	Pages = {18--70},
	Title = {A BDI agent programming language with failure handling, declarative goals, and planning},
	Volume = {23},
	Year = {2011}}

@inproceedings{5285116,
	Author = {M. Dastani and B. Steunebrink},
	Booktitle = {2009 IEEE/WIC/ACM International Joint Conference on Web Intelligence and Intelligent Agent Technology},
	Doi = {10.1109/WI-IAT.2009.214},
	Keywords = {Computer languages;Conferences;Encapsulation;Intelligent agent;Lifting equipment;Multiagent systems;Paper technology;Programming profession;Proposals;Terminology;BDI Programming Languages;Modularity;Multi-Agent Programming Language;Multi-Agent Systems},
	Month = {Sept},
	Pages = {581-584},
	Title = {Modularity in BDI-Based Multi-agent Programming Languages},
	Volume = {2},
	Year = {2009},
	Bdsk-Url-1 = {http://dx.doi.org/10.1109/WI-IAT.2009.214}}

@inproceedings{Novak:2006:MBA:1160633.1160814,
	Acmid = {1160814},
	Address = {New York, NY, USA},
	Author = {Nov\'{a}k, Peter and Dix, J\"{u}rgen},
	Booktitle = {Proceedings of the Fifth International Joint Conference on Autonomous Agents and Multiagent Systems},
	Doi = {10.1145/1160633.1160814},
	Isbn = {1-59593-303-4},
	Keywords = {BDI architecture, agent and multiagent architectures, agent programming languages, frameworks, infrastructures and environments for agent systems},
	Location = {Hakodate, Japan},
	Numpages = {7},
	Pages = {1009--1015},
	Publisher = {ACM},
	Series = {AAMAS '06},
	Title = {Modular BDI Architecture},
	Url = {http://doi.acm.org/10.1145/1160633.1160814},
	Year = {2006},
	Bdsk-Url-1 = {http://doi.acm.org/10.1145/1160633.1160814},
	Bdsk-Url-2 = {http://dx.doi.org/10.1145/1160633.1160814}}

@inbook{Busetta2000,
	Address = {Berlin, Heidelberg},
	Author = {Busetta, Paolo and Howden, Nicholas and R{\"o}nnquist, Ralph and Hodgson, Andrew},
	Booktitle = {Intelligent Agents VI. Agent Theories, Architectures, and Languages: 6th International Workshop, ATAL'99, Orlando, Florida, USA, July 15-17, 1999. Proceedings},
	Editor = {Jennings, Nicholas R. and Lesp{\'e}rance, Yves},
	Pages = {277--289},
	Publisher = {Springer Berlin Heidelberg},
	Title = {Structuring BDI Agents in Functional Clusters},
	Year = {2000}}

@inbook{Ortiz-Hernandez2016,
	Address = {Cham},
	Author = {Ortiz-Hern{\'a}ndez, Gustavo and H{\"u}bner, Jomi Fred and Bordini, Rafael H. and Guerra-Hern{\'a}ndez, Alejandro and Hoyos-Rivera, Guillermo J. and Cruz-Ram{\'\i}rez, Nicandro},
	Booktitle = {Engineering Multi-Agent Systems: 4th International Workshop, EMAS 2016, Singapore, Singapore, May 9-10, 2016, Revised, Selected, and Invited Papers},
	Editor = {Baldoni, Matteo and M{\"u}ller, J{\"o}rg P. and Nunes, Ingrid and Zalila-Wenkstern, Rym},
	Pages = {117--135},
	Publisher = {Springer International Publishing},
	Title = {A Namespace Approach for Modularity in BDI Programming Languages},
	Year = {2016}}

@inproceedings{vanRiemsdijk:2006:GMA:1160633.1160864,
	Address = {New York, NY, USA},
	Author = {van Riemsdijk, M. Birna and Dastani, Mehdi and Meyer, John-Jules Ch. and de Boer, Frank S.},
	Booktitle = {Proceedings of the Fifth International Joint Conference on Autonomous Agents and Multiagent Systems},
	Isbn = {1-59593-303-4},
	Keywords = {agent programming languages, declarative goals, modularity, semantics},
	Location = {Hakodate, Japan},
	Numpages = {8},
	Pages = {1271--1278},
	Publisher = {ACM},
	Series = {AAMAS '06},
	Title = {Goal-oriented Modularity in Agent Programming},
	Year = {2006}}

@inbook{Hindriks2008,
	Address = {Berlin, Heidelberg},
	Author = {Hindriks, Koen},
	Booktitle = {Programming Multi-Agent Systems: 5th International Workshop, ProMAS 2007 Honolulu, HI, USA, May 15, 2007 Revised and Invited Papers},
	Editor = {Dastani, Mehdi and El Fallah Seghrouchni, Amal and Ricci, Alessandro and Winikoff, Michael},
	Pages = {156--171},
	Publisher = {Springer Berlin Heidelberg},
	Title = {Modules as Policy-Based Intentions: Modular Agent Programming in GOAL},
	Year = {2008}}

@inproceedings{hubner:06b,
	Author = {Jomi Fred H{\"u}bner and Rafael H. Bordini and Michael Wooldridge},
	Booktitle = {Proceedings of the Fourth International Workshop on Declarative Agent Languages and Technologies ({DALT} 2006), held with AAMAS 2006, 8th May, Hakodate, Japan},
	Date-Added = {2017-11-13 12:48:54 +0000},
	Date-Modified = {2017-11-13 12:48:54 +0000},
	Doi = {10.1007/11961536_9},
	Editor = {Matteo Baldoni and Ulle Endriss},
	Isbn = {3-540-68959-1},
	Issn = {0302-9743},
	Pages = {123-140},
	Publisher = {Springer},
	Series = {LNCS},
	Title = {Programming Declarative Goals Using Plan Patterns},
	Url-Slides = {http://www.das.ufsc.br/~jomi/pubs/2006/Hubner-dalt06-slides.pdf},
	Volume = {4327},
	Year = {2006},
	Bdsk-Url-1 = {http://dx.doi.org/10.1007/11961536_9}}

@article{cohen:90,
	Author = {Philip R. Cohen and Hector J. Levesque},
	Date-Added = {2017-11-13 12:48:28 +0000},
	Date-Modified = {2017-11-13 12:48:28 +0000},
	Journal = {Artificial Intelligence},
	Pages = {213--261},
	Title = {Intention is choice with commitment},
	Volume = 42,
	Year = 1990}

@inproceedings{winikoff:02,
	Author = {Michael Winikoff and Lin Padgham and James Harland and John Thangarajah},
	Booktitle = {Proceedings of the Eighth International Conference on Principles of Knowledge Representation and Reasoning},
	Date-Added = {2017-11-13 12:48:02 +0000},
	Date-Modified = {2017-11-13 12:48:02 +0000},
	Title = {Declarative and Procedural Goals in Intelligent Agent Systems},
	Year = 2002}

@inproceedings{Rao96,
	Author = {Anand S. Rao},
	Booktitle = {Agents Breaking Away, 7th European Workshop on Modelling Autonomous Agents in a Multi-Agent World, Eindhoven, The Netherlands, January 22-25, 1996, Proceedings},
	Editor = {Walter Van de Velde and John W. Perram},
	Pages = {42--55},
	Publisher = {Springer},
	Series = {Lecture Notes in Computer Science},
	Title = {AgentSpeak(L): {BDI} Agents Speak Out in a Logical Computable Language},
	Volume = {1038},
	Year = {1996}}

@article{Ingrand:1992:ARR:629535.629890,
	Acmid = {629890},
	Address = {Piscataway, NJ, USA},
	Author = {Ingrand, Francois F. and Georgeff, Michael P. and Rao, Anand S.},
	Doi = {10.1109/64.180407},
	Issn = {0885-9000},
	Issue_Date = {December 1992},
	Journal = {IEEE Expert: Intelligent Systems and Their Applications},
	Month = dec,
	Number = {6},
	Numpages = {11},
	Pages = {34--44},
	Publisher = {IEEE Educational Activities Department},
	Title = {An Architecture for Real-Time Reasoning and System Control},
	Url = {http://dx.doi.org/10.1109/64.180407},
	Volume = {7},
	Year = {1992},
	Bdsk-Url-1 = {http://dx.doi.org/10.1109/64.180407}}

@article{Bratman88,
	Author = {Michael E. Bratman and David J. Israel and Martha E. Pollack},
	Bibsource = {dblp computer science bibliography, http://dblp.org},
	Biburl = {http://dblp.uni-trier.de/rec/bib/journals/ci/BratmanIP88},
	Doi = {10.1111/j.1467-8640.1988.tb00284.x},
	Journal = {Computational Intelligence},
	Pages = {349--355},
	Timestamp = {Sat, 14 Apr 2012 16:35:12 +0200},
	Title = {Plans and resource-bounded practical reasoning},
	Url = {http://dx.doi.org/10.1111/j.1467-8640.1988.tb00284.x},
	Volume = {4},
	Year = {1988},
	Bdsk-Url-1 = {http://dx.doi.org/10.1111/j.1467-8640.1988.tb00284.x}}

@inproceedings{Georgeff:1987:RRP:1863766.1863818,
	Acmid = {1863818},
	Author = {Georgeff, Michael P. and Lansky, Amy L.},
	Booktitle = {Proceedings of the Sixth National Conference on Artificial Intelligence - Volume 2},
	Isbn = {0-934613-42-7},
	Location = {Seattle, Washington},
	Numpages = {6},
	Pages = {677--682},
	Publisher = {AAAI Press},
	Series = {AAAI'87},
	Title = {Reactive Reasoning and Planning},
	Url = {http://dl.acm.org/citation.cfm?id=1863766.1863818},
	Year = {1987},
	Bdsk-Url-1 = {http://dl.acm.org/citation.cfm?id=1863766.1863818}}

@article{boissier2013multi,
	Author = {Boissier, Olivier and Bordini, Rafael H and H{\"u}bner, Jomi F and Ricci, Alessandro and Santi, Andrea},
	Journal = {Science of Computer Programming},
	Number = {6},
	Pages = {747--761},
	Publisher = {Elsevier},
	Title = {Multi-agent oriented programming with {JaCaMo}},
	Volume = {78},
	Year = {2013}}

@inproceedings{DBLP:conf/atal/LoganTY17,
	Author = {Brian Logan and John Thangarajah and Neil Yorke{-}Smith},
	Booktitle = {{AAMAS}},
	Pages = {768--772},
	Publisher = {{ACM}},
	Title = {Progressing Intention Progression: {A} Call for a Goal-Plan Tree Contest},
	Year = {2017}}

@incollection{jason06,
	Author = {Bordini, Rafael and H\"ubner, Jomi},
	Booktitle = {CLIMA VI},
	Editor = {Toni, Francesca and Torroni, Paolo},
	Month = mar,
	Pages = {143--164},
	Publisher = {Springer},
	Series = {LNAI},
	Title = {{BDI} Agent Programming in {AgentSpeak} Using {Jason}},
	Volume = {3900},
	Year = {2006}}

@book{bordini:07,
	Author = {Rafael H. Bordini and Jomi Fred H\"ubner and Michael Wooldrige},
	Doi = {10.1002/9780470061848},
	Publisher = {John Wiley \& Sons},
	Series = {Wiley Series in Agent Technology},
	Title = {Programming Multi-Agent Systems in AgentSpeak using \textit{Jason}},
	Url = {http://jason.sf.net/jBook},
	Year = {2007},
	Bdsk-Url-1 = {http://jason.sf.net/jBook},
	Bdsk-Url-2 = {http://dx.doi.org/10.1002/9780470061848}}

@inproceedings{DBLP:conf/prima/CollierRL15,
	Author = {Rem W. Collier and Sean Edward Russell and David Lillis},
	Booktitle = {{PRIMA} 2015: Principles and Practice of Multi-Agent Systems - 18th International Conference, Bertinoro, Italy, 2015, Proceedings},
	Date-Modified = {2018-05-09 01:24:41 +0000},
	Editor = {Qingliang Chen and Paolo Torroni and Serena Villata and Jane Yung{-}jen Hsu and Andrea Omicini},
	Pages = {351--366},
	Publisher = {Springer},
	Series = {Lecture Notes in Computer Science},
	Title = {Reflecting on Agent Programming with AgentSpeak(L)},
	Volume = {9387},
	Year = {2015}}

@inproceedings{Vikhorev:2011:APP:2030470.2030529,
	Acmid = {2030529},
	Address = {Richland, SC},
	Author = {Vikhorev, Konstantin and Alechina, Natasha and Logan, Brian},
	Booktitle = {The 10th International Conference on Autonomous Agents and Multiagent Systems - Volume 1},
	Isbn = {0-9826571-5-3, 978-0-9826571-5-7},
	Keywords = {agent programming languages, belief desire and intention logics, complexity of reasoning},
	Location = {Taipei, Taiwan},
	Numpages = {8},
	Pages = {397--404},
	Publisher = {International Foundation for Autonomous Agents and Multiagent Systems},
	Series = {AAMAS '11},
	Title = {Agent Programming with Priorities and Deadlines},
	Url = {http://dl.acm.org/citation.cfm?id=2030470.2030529},
	Year = {2011},
	Bdsk-Url-1 = {http://dl.acm.org/citation.cfm?id=2030470.2030529}}

@inbook{Madden2010,
	Address = {Berlin, Heidelberg},
	Author = {Madden, Neil and Logan, Brian},
	Booktitle = {Programming Multi-Agent Systems: 7th International Workshop, ProMAS 2009, Budapest, Hungary, May 10-15, 2009. Revised Selected Papers},
	Editor = {Braubach, Lars and Briot, Jean-Pierre and Thangarajah, John},
	Pages = {237--253},
	Publisher = {Springer Berlin Heidelberg},
	Title = {Modularity and Compositionality in Jason},
	Year = {2010}}

@inbook{Nunes2014,
	Address = {Cham},
	Author = {Nunes, Ingrid},
	Booktitle = {Engineering Multi-Agent Systems: Second International Workshop, EMAS 2014, Paris, France, May 5-6, 2014, Revised Selected Papers},
	Editor = {Dalpiaz, Fabiano and Dix, J{\"u}rgen and van Riemsdijk, M. Birna},
	Pages = {58--80},
	Publisher = {Springer International Publishing},
	Title = {Improving the Design and Modularity of BDI Agents with Capability Relationships},
	Year = {2014}}

@book{BordiniMAPlpa,
	Editor = {Bordini, Rafael H. and Dastani, Mehdi and Dix, J{\"u}rgen and El Fallah Seghrouchni, Amal},
	Number = 15,
	Publisher = {Springer},
	Series = {Multiagent Systems, Artificial Societies, and Simulated Organizations},
	Title = {Multi-Agent Programming: Languages, Platforms and Applications},
	Year = 2005}

@book{BordiniMAPlta,
	Editor = {Bordini, Rafael H. and Dastani, Mehdi and Dix, J{\"u}rgen and El Fallah Seghrouchni, Amal},
	Publisher = {Springer},
	Title = {Multi-Agent Programming: Languages, Tools and Applications},
	Year = 2009}

@article{moro2004minority,
	Author = {Moro, Esteban},
	Journal = {arXiv preprint cond-mat/0402651},
	Title = {The minority game: an introductory guide},
	Year = {2004}}

@inproceedings{DBLP:conf/kr/WinikoffPHT02,
	Author = {Michael Winikoff and Lin Padgham and James Harland and John Thangarajah},
	Bibsource = {dblp computer science bibliography, http://dblp.org},
	Biburl = {http://dblp.org/rec/bib/conf/kr/WinikoffPHT02},
	Booktitle = {Proceedings of the Eights International Conference on Principles and Knowledge Representation and Reasoning (KR-02), Toulouse, France, April 22-25, 2002},
	Crossref = {DBLP:conf/kr/2002},
	Pages = {470--481},
	Timestamp = {Tue, 22 Jul 2003 15:58:10 +0200},
	Title = {Declarative {\&} Procedural Goals in Intelligent Agent Systems},
	Year = {2002}}

@proceedings{DBLP:conf/kr/2002,
	Bibsource = {dblp computer science bibliography, http://dblp.org},
	Biburl = {http://dblp.org/rec/bib/conf/kr/2002},
	Editor = {Dieter Fensel and Fausto Giunchiglia and Deborah L. McGuinness and Mary{-}Anne Williams},
	Isbn = {1-55860-554-1},
	Publisher = {Morgan Kaufmann},
	Timestamp = {Tue, 22 Jul 2003 15:20:23 +0200},
	Title = {Proceedings of the Eights International Conference on Principles and Knowledge Representation and Reasoning (KR-02), Toulouse, France, April 22-25, 2002},
	Year = {2002}}

@inproceedings{DBLP:conf/promas/DennisFBFW07,
	Author = {Louise A. Dennis and Berndt Farwer and Rafael H. Bordini and Michael Fisher and Michael Wooldridge},
	Bibsource = {dblp computer science bibliography, http://dblp.org},
	Biburl = {http://dblp.org/rec/bib/conf/promas/DennisFBFW07},
	Booktitle = {Programming Multi-Agent Systems, 5th International Workshop, ProMAS 2007, USA, 2007, Revised and Invited Papers},
	Crossref = {DBLP:conf/promas/2007},
	Date-Modified = {2018-05-09 01:25:46 +0000},
	Doi = {10.1007/978-3-540-79043-3_8},
	Pages = {124--139},
	Timestamp = {Mon, 05 Jun 2017 12:41:20 +0200},
	Title = {A Common Semantic Basis for {BDI} Languages},
	Url = {https://doi.org/10.1007/978-3-540-79043-3_8},
	Year = {2007},
	Bdsk-Url-1 = {https://doi.org/10.1007/978-3-540-79043-3_8},
	Bdsk-Url-2 = {http://dx.doi.org/10.1007/978-3-540-79043-3_8}}

@proceedings{DBLP:conf/promas/2007,
	Bibsource = {dblp computer science bibliography, http://dblp.org},
	Biburl = {http://dblp.org/rec/bib/conf/promas/2007},
	Doi = {10.1007/978-3-540-79043-3},
	Editor = {Mehdi Dastani and Amal El Fallah{-}Seghrouchni and Alessandro Ricci and Michael Winikoff},
	Isbn = {978-3-540-79042-6},
	Publisher = {Springer},
	Series = {Lecture Notes in Computer Science},
	Timestamp = {Fri, 02 Jun 2017 13:01:07 +0200},
	Title = {Programming Multi-Agent Systems, 5th International Workshop, ProMAS 2007, Honolulu, HI, USA, May 15, 2007, Revised and Invited Papers},
	Url = {https://doi.org/10.1007/978-3-540-79043-3},
	Volume = {4908},
	Year = {2008},
	Bdsk-Url-1 = {https://doi.org/10.1007/978-3-540-79043-3},
	Bdsk-Url-2 = {http://dx.doi.org/10.1007/978-3-540-79043-3}}

@article{DBLP:journals/aamas/BordiniFVW06,
	Author = {Rafael H. Bordini and Michael Fisher and Willem Visser and Michael Wooldridge},
	Bibsource = {dblp computer science bibliography, http://dblp.org},
	Biburl = {http://dblp.org/rec/bib/journals/aamas/BordiniFVW06},
	Doi = {10.1007/s10458-006-5955-7},
	Journal = {Autonomous Agents and Multi-Agent Systems},
	Number = {2},
	Pages = {239--256},
	Timestamp = {Sat, 20 May 2017 00:23:00 +0200},
	Title = {Verifying Multi-agent Programs by Model Checking},
	Url = {https://doi.org/10.1007/s10458-006-5955-7},
	Volume = {12},
	Year = {2006},
	Bdsk-Url-1 = {https://doi.org/10.1007/s10458-006-5955-7},
	Bdsk-Url-2 = {http://dx.doi.org/10.1007/s10458-006-5955-7}}

@article{Albrecht18,
	Author = {Tobias Ahlbrecht and Niklas Fiekas and J{\"{u}}rgen Dix},
	Journal = {International Journal of Agent Oriented Software Engineering},
	Note = {To appear},
	Title = {Multi-Agent Programming Contest 2016},
	Year = 2018}

@article{challet2013minority,
	Author = {Challet, Damien and Marsili, Matteo and Zhang, Yi-Cheng and others},
	Journal = {OUP Catalogue},
	Publisher = {Oxford University Press},
	Title = {Minority games: interacting agents in financial markets},
	Year = {2013}}

@techreport{chmura2004minority,
	Author = {Chmura, Thorsten and Pitz, Thomas},
	Institution = {Bonn econ discussion papers},
	Title = {Minority game: Experiments and simulations of traffic scenarios},
	Year = {2004}}
